<record><leader>00000cas a2200000 a 4500</leader><controlfield tag="001">12257971</controlfield><controlfield tag="008">850712d19021908ksuwr ne      0    0eng d</controlfield><datafield ind1=" " ind2=" " tag="010"><subfield code="a">sn 85030717 </subfield></datafield><datafield ind1=" " ind2=" " tag="040"><subfield code="a">KSH</subfield><subfield code="b">eng</subfield><subfield code="c">KSH</subfield><subfield code="d">NPT</subfield><subfield code="d">OCL</subfield><subfield code="d">OCLCQ</subfield></datafield><datafield ind1=" " ind2=" " tag="042"><subfield code="a">msc</subfield></datafield><datafield ind1="0" ind2=" " tag="130"><subfield code="a">Independent (Hutchinson, Kan. : 1902)</subfield></datafield><datafield ind1="1" ind2="4" tag="245"><subfield code="a">The independent.</subfield></datafield><datafield ind1=" " ind2=" " tag="260"><subfield code="a">Hutchinson, Kan. :</subfield><subfield code="b">Independent Pub. Co.,</subfield><subfield code="c">1902-1908.</subfield></datafield><datafield ind1=" " ind2=" " tag="300"><subfield code="a">7 v. :</subfield><subfield code="b">ill. ;</subfield><subfield code="c">50-55 cm.</subfield></datafield><datafield ind1=" " ind2=" " tag="310"><subfield code="a">Weekly</subfield></datafield><datafield ind1="0" ind2=" " tag="362"><subfield code="a">Vol. 14, no. 48 (Jan. 22, 1902)-v. 21, no. 12 (May 30, 1908).</subfield></datafield><datafield ind1=" " ind2=" " tag="580"><subfield code="a">Issued also in daily edition called: Daily independent (Hutchinson, Kan.).</subfield></datafield><datafield ind1=" " ind2=" " tag="752"><subfield code="a">United States</subfield><subfield code="b">Kansas</subfield><subfield code="c">Reno</subfield><subfield code="d">Hutchinson.</subfield></datafield><datafield ind1="1" ind2=" " tag="775"><subfield code="t">Daily independent (Hutchinson, Kan.)</subfield><subfield code="w">(DLC)sn 85030691</subfield></datafield><datafield ind1="0" ind2="0" tag="780"><subfield code="t">Clipper (Hutchinson, Kan.)</subfield><subfield code="w">(DLC)sn 85030716</subfield></datafield><datafield ind1="0" ind2="5" tag="780"><subfield code="t">Saturday bee</subfield><subfield code="g">July 15, 1905</subfield><subfield code="w">(DLC)sn 85030720</subfield></datafield><datafield ind1="0" ind2="7" tag="785"><subfield code="t">Daily independent (Hutchinson, Kan.)</subfield><subfield code="w">(DLC)sn 85030691</subfield></datafield><datafield ind1="0" ind2="7" tag="785"><subfield code="t">Hutchinson gazette (Hutchinson, Kan. : 1908)</subfield><subfield code="w">(DLC)sn 85030693</subfield></datafield></record>